<record><leader>00000cas a22000007a 4500</leader><controlfield tag="001">20660873</controlfield><controlfield tag="008">891116d19501951mduwr ne      0    0eng d</controlfield><datafield ind1=" " ind2=" " tag="010"><subfield code="a">sn 89060326 </subfield></datafield><datafield ind1=" " ind2=" " tag="040"><subfield code="a">MFN</subfield><subfield code="b">eng</subfield><subfield code="c">MFN</subfield><subfield code="d">OCLCQ</subfield></datafield><datafield ind1=" " ind2=" " tag="042"><subfield code="a">msc</subfield></datafield><datafield ind1="0" ind2=" " tag="130"><subfield code="a">Guide (Baltimore, Md. : Northeast ed.)</subfield></datafield><datafield ind1="1" ind2="4" tag="245"><subfield code="a">The guide.</subfield></datafield><datafield ind1=" " ind2=" " tag="250"><subfield code="a">Northeast ed.</subfield></datafield><datafield ind1=" " ind2=" " tag="260"><subfield code="a">Baltimore, Md. :</subfield><subfield code="b">Guide Publications</subfield></datafield><datafield ind1=" " ind2=" " tag="300"><subfield code="a">v.</subfield></datafield><datafield ind1=" " ind2=" " tag="310"><subfield code="a">Weekly</subfield></datafield><datafield ind1="0" ind2=" " tag="362"><subfield code="a">Vol. 23, no. 51 (Feb. 16, 1950)-v. 25, no. 14 (May 24, 1951).</subfield></datafield><datafield ind1=" " ind2=" " tag="752"><subfield code="a">United States</subfield><subfield code="b">Maryland</subfield><subfield code="d">Baltimore.</subfield></datafield><datafield ind1="0" ind2=" " tag="775"><subfield code="t">Guide (Baltimore, Md. : Southeast and county ed.)</subfield><subfield code="w">(DLC)sn 89060325</subfield></datafield><datafield ind1="0" ind2="0" tag="780"><subfield code="t">East Baltimore guide (Baltimore, Md. : 1948)</subfield><subfield code="w">(DLC)sn 89060323</subfield></datafield><datafield ind1="0" ind2="7" tag="785"><subfield code="t">Guide (Baltimore, Md. : Southeast and county ed.)</subfield><subfield code="w">(DLC)sn 89060325</subfield></datafield><datafield ind1="0" ind2="7" tag="785"><subfield code="t">Guide (Baltimore, Md. : 1951)</subfield><subfield code="w">(DLC)sn 89060327</subfield></datafield></record>